@inproceedings{harp:ccs:2021,
  address = {New York, NY, USA},
  author = {Vasilakis, Nikos and Benetopoulos, Achilles and Handa, Shivam and Schoen, Alizee and Shen, Jiasi and Rinard, Martin C.},
  booktitle = {Proceedings of the 2021 ACM SIGSAC Conference on Computer and
Communications Security},
  doi = {10.1145/3460120.3484736},
  isbn = {9781450384544},
  location = {Virtual Event, Republic of Korea},
  publisher = {Association for Computing Machinery},
  series = {CCS \textquotesingle 21},
  title = {Supply-Chain Vulnerability Elimination via Active Learning and Regeneration},
  url = {https://doi.org/10.1145/3460120.3484736},
  year = {2021},
}
